@book{schneier1999secrets,
  title={Secrets and lies: digital security in a networked world},
  author={Schneier, Bruce},
  year={1999},
  publisher={John Wiley \& Sons}
}

@book{shostack2014threat,
  title={Threat modeling: Designing for security},
  author={Shostack, Adam},
  year={2014},
  publisher={John Wiley \& Sons}
}
